<record><leader>00000cas a22000007a 4500</leader><controlfield tag="001">22186578</controlfield><controlfield tag="008">900806d1899190umouwr ne      0    0eng d</controlfield><datafield ind1=" " ind2=" " tag="010"><subfield code="a">sn 90073025 </subfield></datafield><datafield ind1=" " ind2=" " tag="040"><subfield code="a">MQN</subfield><subfield code="b">eng</subfield><subfield code="c">MQN</subfield><subfield code="d">OCLCQ</subfield></datafield><datafield ind1=" " ind2=" " tag="042"><subfield code="a">msc</subfield></datafield><datafield ind1="0" ind2=" " tag="130"><subfield code="a">Enterprise-herald (Southwest City, Mo.)</subfield></datafield><datafield ind1="1" ind2="4" tag="245"><subfield code="a">The enterprise-herald.</subfield></datafield><datafield ind1=" " ind2=" " tag="260"><subfield code="a">Southwest City, M'Donald [i.e. McDonald] County, Mo. :</subfield><subfield code="b">Brewer &amp; Edwards</subfield></datafield><datafield ind1=" " ind2=" " tag="300"><subfield code="a">v.</subfield></datafield><datafield ind1=" " ind2=" " tag="310"><subfield code="a">Weekly</subfield></datafield><datafield ind1="1" ind2=" " tag="362"><subfield code="a">Began in 1899.</subfield></datafield><datafield ind1=" " ind2=" " tag="588"><subfield code="a">Description based on: Vol. 11, no. 12 (Apr. 14, 1899).</subfield></datafield><datafield ind1=" " ind2=" " tag="752"><subfield code="a">United States</subfield><subfield code="b">Missouri</subfield><subfield code="c">McDonald</subfield><subfield code="d">Southwest City.</subfield></datafield><datafield ind1="0" ind2="4" tag="780"><subfield code="t">Pineville herald (Pineville, Mo. : 1894)</subfield><subfield code="w">(DLC)sn 88068141</subfield></datafield><datafield ind1="0" ind2="4" tag="780"><subfield code="t">Southwest City enterprise</subfield></datafield><datafield ind1="0" ind2="0" tag="785"><subfield code="t">Pineville herald (Pineville, Mo. : 1903)</subfield><subfield code="w">(DLC)sn 90073026</subfield></datafield></record>